@article{gilbert2012perspectives,
  title={Perspectives on the CAP Theorem},
  author={Gilbert, Seth and Lynch, Nancy},
  journal={Computer},
  volume={45},
  number={2},
  pages={30--36},
  year={2012},
  publisher={IEEE}
}